@misc{luna, title={Lung Nodule Analysis 2016}, url={https://luna16.grand-challenge.org/}, journal={LUNA16 Project}}